@article{Hevner:2004:DSI:2017212.2017217,
 author = {Hevner, Alan R. and March, Salvatore T. and Park, Jinsoo and Ram, Sudha},
 title = {Design Science in Information Systems Research},
 journal = {MIS Q.},
 issue_date = {March 2004},
 volume = {28},
 number = {1},
 month = mar,
 year = {2004},
 issn = {0276-7783},
 pages = {75--105},
 numpages = {31},
 url = {http://dl.acm.org/citation.cfm?id=2017212.2017217},
 acmid = {2017217},
 publisher = {Society for Information Management and The Management Information Systems Research Center},
 address = {Minneapolis, MN, USA},
 keywords = {business environment, creativity, design artifact, design science, experimental methods, information systems research methodologies, search strategies, technology infrastructure},
} 

@incollection{lisaB,
year={2013},
isbn={978-3-642-39217-7},
booktitle={Security and Privacy Protection in Information Processing Systems},
volume={405},
series={IFIP Advances in Information and Communication Technology},
editor={Janczewski, LechJ. and Wolfe, HenryB. and Shenoi, Sujeet},
doi={10.1007/978-3-642-39218-4_24},
title={Using the Conflicting Incentives Risk Analysis Method},
url={http://dx.doi.org/10.1007/978-3-642-39218-4_24},
publisher={Springer Berlin Heidelberg},
keywords={Risk analysis; risk; privacy; conflicting incentives},
author={Rajbhandari, Lisa and Snekkenes, Einar},
pages={315-329}
}

@INPROCEEDINGS{6462696, 
author={Peng Zhou and Leung, H.K.N.}, 
booktitle={Software Engineering Conference (APSEC), 2012 19th Asia-Pacific}, 
title={An Integrated Risk Analysis Method Using Spatial Interpolation}, 
year={2012}, 
month={Dec}, 
volume={1}, 
pages={452-461}, 
keywords={interpolation;probability;project management;risk analysis;software management;integrated risk analysis method;qualitative risk analysis;quantitative risk analysis;quantitative risk prioritization;risk management;software projects;spatial interpolation;Interpolation;Measurement;Organizations;Radio frequency;Risk management;Statistical analysis;qualitative risk analysis;quantitative risk analysis;risk analysis process;risk prioritization}, 
doi={10.1109/APSEC.2012.11}, 
ISSN={1530-1362},}

@INPROCEEDINGS{6203873, 
author={Jadeja, Y. and Modi, K.}, 
booktitle={Computing, Electronics and Electrical Technologies (ICCEET), 2012 International Conference on}, 
title={Cloud computing - concepts, architecture and challenges}, 
year={2012}, 
month={March}, 
pages={877-880}, 
keywords={cloud computing;distributed processing;grid computing;parallel processing;software architecture;cloud computing;computer science;distributed computing;grid computing;internet;parallel computing;ubiquitous computing;Browsers;Communities;Computational modeling;History;Lead;Monitoring;Reliability;applications;architecture;business component of cloud computing;cloud computing;issues}, 
doi={10.1109/ICCEET.2012.6203873},}

@BOOK{csaguide3.0,
AUTHOR    = {Simmonds, Paul and Bhagat, Bhavesh and Lynch, Liam and Pohlman, Marlin}, 
TITLE     = {Security guidance for critical areas of focus in Cloud Computing V3. 0},
PUBLISHER = {CLOUD SECURITY ALLIANCE},
YEAR      = {2011},
Volume    = {3.0},}

@techreport{mell2011nist,
  added-at = {2013-03-01T12:10:43.000+0100},
  address = {Gaithersburg, MD},
  author = {Mell, Peter and Grance, Timothy},
  biburl = {http://www.bibsonomy.org/bibtex/272c3cbc0c53129bc3cbd1f14dca7b930/porta},
  groups = {public},
  institution = {National Institute of Standards and Technology (NIST)},
  interhash = {2d8930e9d6b54432f1a182ce93e1d6ab},
  intrahash = {72c3cbc0c53129bc3cbd1f14dca7b930},
  keywords = {cloud computing definition nist},
  month = {September},
  number = {800-145},
  organization = {National Institute of Standards and Technology (NIST)},
  timestamp = {2013-03-01T12:10:43.000+0100},
  title = {The NIST Definition of Cloud Computing},
  url = {http://csrc.nist.gov/publications/nistpubs/800-145/SP800-145.pdf},
  username = {porta},
  year = 2011,
}

@PhdThesis{lisathesis,
           title = {RISK ANALYSIS USING CONFLICTING INCENTIVES AS AN ALTERNATIVE NOTION OF RISK},
          author = {Rajbhandari, Lisa},
          school = {Høgskolen i Gjøvik},
           month = {October},
            year = {2013},
						keywords = {information security, risk analysis, Conflicting Incentives Risk Analysis},
						ISSN =	{1893-1227},
						 numpages = {113},
					url = {http://brage.bibsys.no/hig/handle/URN:NBN:no-bibsys_brage_45292},
}

@Misc{Gartner,
  author = {J. Brodkin, Gartner},
  title = {Gartner: Seven cloud-computing security risks},
  year = 2008,
  url = {http://www.infoworld.com/d/security-central/gartner-seven-cloud-computing-security-risks-853},
  urldate = {02 Jul 2008}
}

@inproceedings{Bleikertz:2010:SAM:1866835.1866853,
 author = {Bleikertz, S\"{o}ren and Schunter, Matthias and Probst, Christian W. and Pendarakis, Dimitrios and Eriksson, Konrad},
 title = {Security Audits of Multi-tier Virtual Infrastructures in Public Infrastructure Clouds},
 booktitle = {Proceedings of the 2010 ACM Workshop on Cloud Computing Security Workshop},
 series = {CCSW '10},
 year = {2010},
 isbn = {978-1-4503-0089-6},
 location = {Chicago, Illinois, USA},
 pages = {93--102},
 numpages = {10},
 url = {http://doi.acm.org/10.1145/1866835.1866853},
 doi = {10.1145/1866835.1866853},
 acmid = {1866853},
 publisher = {ACM},
 address = {New York, NY, USA},
 keywords = {amazon ec2, attack graphs, cloud computing, reachability},
} 

@INPROCEEDINGS{6148380, 
author={Shaikh, F.B. and Haider, S.}, 
booktitle={Internet Technology and Secured Transactions (ICITST), 2011 International Conference for}, 
title={Security threats in cloud computing}, 
year={2011}, 
month={Dec}, 
pages={214-219}, 
keywords={cloud computing;security of data;Google apps;Internet;Microsoft SharePoint;cloud computing;cloud services;data centers;open systems;security cloud;security concerns;security models;security threats;virtual resources;Cloud computing;Computational modeling;Data privacy;Privacy;Security;Servers;Cloud Computing;Cloud Computing Security;Secure Cloud computing;Security Survey of Cloud Computing;Security threats},}

@inproceedings{Sumter:2010:CCS:1900008.1900152,
 author = {Sumter, La'Quata},
 title = {Cloud Computing: Security Risk},
 booktitle = {Proceedings of the 48th Annual Southeast Regional Conference},
 series = {ACM SE '10},
 year = {2010},
 isbn = {978-1-4503-0064-3},
 location = {Oxford, Mississippi},
 pages = {112:1--112:4},
 articleno = {112},
 numpages = {4},
 url = {http://doi.acm.org/10.1145/1900008.1900152},
 doi = {10.1145/1900008.1900152},
 acmid = {1900152},
 publisher = {ACM},
 address = {New York, NY, USA},
 keywords = {cloud computing, grid computing, security, software-as-a-service, utility computing},
} 

@misc{amazonec2,
author = {Amazon},
title = {Amazon Elastic Compute Cloud (EC2) delivers scalable, pay-as-you-go compute capacity in the AWS Cloud},
year = {2013},
url = {http://aws.amazon.com/ec2/}
}

@misc{gogrid,
author = {Go Grid},
title = {Cloud Platform},
year = {2013},
url = {http://www.gogrid.com/cloud-platform}
}

@misc{googleapp,
author = {Google},
title = {Google Cloud Platform},
year = {2014},
url = {https://cloud.google.com/products/}
}

@misc{salesforce,
author = {Force, Sales},
title = {Salesforce1 Platform: Trusted Application Development Platform - Salesforce.com},
year = {2014},
url = {http://www.salesforce.com/platform/overview/}
}

@inproceedings{Lombardi:2010:TSC:1774088.1774176,
 author = {Lombardi, Flavio and Di Pietro, Roberto},
 title = {Transparent Security for Cloud},
 booktitle = {Proceedings of the 2010 ACM Symposium on Applied Computing},
 series = {SAC '10},
 year = {2010},
 isbn = {978-1-60558-639-7},
 location = {Sierre, Switzerland},
 pages = {414--415},
 numpages = {2},
 url = {http://doi.acm.org/10.1145/1774088.1774176},
 doi = {10.1145/1774088.1774176},
 acmid = {1774176},
 publisher = {ACM},
 address = {New York, NY, USA},
 keywords = {cloud computing, security, threat handling, virtual machine monitor},
} 
@article{Geerts2011142,
title = "A design science research methodology and its application to accounting information systems research ",
journal = "International Journal of Accounting Information Systems ",
volume = "12",
number = "2",
pages = "142 - 151",
year = "2011",
note = "Special Issue on Methodologies in \{AIS\} Research ",
issn = "1467-0895",
doi = "http://dx.doi.org/10.1016/j.accinf.2011.02.004",
url = "http://www.sciencedirect.com/science/article/pii/S1467089511000200",
author = "Guido L. Geerts",
keywords = "\{AIS\}",
keywords = "Artifact network",
keywords = "Design science research",
keywords = "\{DSRM\} "
}

@INPROCEEDINGS{253757, 
author={Bilbao, A.}, 
booktitle={Security Technology, 1992. Crime Countermeasures, Proceedings. Institute of Electrical and Electronics Engineers 1992 International Carnahan Conference on}, 
title={TUAR-a model of risk analysis in the security field}, 
year={1992}, 
month={Oct}, 
pages={65-71}, 
keywords={failure analysis;fuzzy logic;fuzzy set theory;risk management;safety systems;bank branch office;burglary;fault tree analysis;fuzzy set;hold-ups;personal aggression;risk analysis;sabotage;security field;theft;Data security;Environmental economics;Fault trees;Fuzzy sets;IEEE members;Risk analysis;Roentgenium;Safety}, 
doi={10.1109/CCST.1992.253757},}

@article{Kailay1995449,
title = {RAMeX: a prototype expert system for computer security risk analysis and management },
journal = {Computers and Security },
volume = {14},
number = {5},
pages = {449 - 463},
year = {1995},
note = {},
issn = {0167-4048},
doi = {http://dx.doi.org/10.1016/0167-4048(95)00013-X},
url = {http://www.sciencedirect.com/science/article/pii/016740489500013X},
author = {Muninder P. Kailay and Peter Jarratt},
keywords = {Risk analysis},
keywords = {Risk management},
keywords = {Intentional threats},
keywords = {Information classification},
keywords = {Vulnerabilities},
keywords = {Countermeasures},
keywords = {Business impact assessment},
keywords = {Expert system }
}

@incollection {jenkins1998,    
   author = {Jenkins, B.D.},       
   title = {SECURITY RISK ANALYSIS AND MANAGEMENT},       
   url = {http://www.nr.no/~abie/RA_by_Jenkins.pdf},    
   year = {1998}    
}

@incollection {isf1997,    
   author = {Information Security Forum (ISF)},       
   title = {Simplified practical risk analysis methodology (SPRINT) user guide},        
	pages = {43-57},
   year = {1997}    
}

@book{Alberts:2002:MIS:581794,
 author = {Alberts, Christopher J. and Dorofee, Audrey},
 title = {Managing Information Security Risks: The Octave Approach},
 year = {2002},
 isbn = {0321118863},
 publisher = {Addison-Wesley Longman Publishing Co., Inc.},
 address = {Boston, MA, USA},
} 

@article{Karabacak2005147,
title = "ISRAM: information security risk analysis method ",
journal = "Computers and  Security ",
volume = "24",
number = "2",
pages = "147 - 159",
year = "2005",
note = "",
issn = "0167-4048",
doi = "http://dx.doi.org/10.1016/j.cose.2004.07.004",
url = "http://www.sciencedirect.com/science/article/pii/S0167404804001890",
author = "Bilge Karabacak and Ibrahim Sogukpinar",
keywords = "Information security",
keywords = "Risk analysis",
keywords = "Quantitative risk analysis",
keywords = "Paper-based risk analysis",
keywords = "Risk model "
}

@incollection{zhangmiaobook,
year={2009},
isbn={978-3-642-10664-4},
booktitle={Cloud Computing},
volume={5931},
series={Lecture Notes in Computer Science},
editor={Jaatun, MartinGilje and Zhao, Gansen and Rong, Chunming},
doi={10.1007/978-3-642-10665-1_33},
title={An Efficient Cloud Computing-Based Architecture for Freight System Application in China Railway},
url={http://dx.doi.org/10.1007/978-3-642-10665-1_33},
publisher={Springer Berlin Heidelberg},
keywords={Cloud Computing; Batch Data Process; Data Management},
author={Zhang, Baopeng and Zhang, Ning and Li, Honghui and Liu, Feng and Miao, Kai},
pages={359-368}
}


